
@book{TrefethenBau_97,
  title = {Numerical {{Linear Algebra}}},
  author = {Trefethen, Lloyd N. and Bau, David III},
  year = {1997},
  month = jun,
  publisher = {{SIAM}},
  googlebooks = {4Mou5YpRD\_kC},
  isbn = {978-0-89871-361-9},
  langid = {english}
}

@book{Lax_07,
  title = {Linear {{Algebra}} and {{Its Applications}}},
  author = {Lax, Peter D.},
  year = {2007},
  month = sep,
  publisher = {{John Wiley \& Sons}},
  googlebooks = {e7FJM6aqZD8C},
  isbn = {978-0-471-75156-4},
  langid = {english}
}